<record><leader>00000cas a22000007a 4500</leader><controlfield tag="001">18143428</controlfield><controlfield tag="008">880628d18661869ohuwr ne      0    0eng d</controlfield><datafield ind1=" " ind2=" " tag="010"><subfield code="a">sn 88077599 </subfield></datafield><datafield ind1=" " ind2=" " tag="040"><subfield code="a">ONP</subfield><subfield code="b">eng</subfield><subfield code="c">ONP</subfield><subfield code="d">OCLCQ</subfield></datafield><datafield ind1=" " ind2=" " tag="042"><subfield code="a">msc</subfield></datafield><datafield ind1="0" ind2=" " tag="130"><subfield code="a">Weekly herald (Delaware, Ohio)</subfield></datafield><datafield ind1="1" ind2="4" tag="245"><subfield code="a">The Weekly herald.</subfield></datafield><datafield ind1=" " ind2=" " tag="260"><subfield code="a">Delaware, Ohio :</subfield><subfield code="b">S.J. Albright,</subfield><subfield code="c">1866-1869.</subfield></datafield><datafield ind1=" " ind2=" " tag="310"><subfield code="a">Weekly</subfield></datafield><datafield ind1="0" ind2=" " tag="362"><subfield code="a">Vol. 1, no. 1 (Aug. 23, 1866)-v. 3, no. 40 (May 27, 1869).</subfield></datafield><datafield ind1=" " ind2=" " tag="752"><subfield code="a">United States</subfield><subfield code="b">Ohio</subfield><subfield code="c">Delaware</subfield><subfield code="d">Delaware.</subfield></datafield><datafield ind1="0" ind2="0" tag="780"><subfield code="t">Delaware County news (Delaware, Ohio : 1864)</subfield><subfield code="w">(DLC)sn 88077598</subfield></datafield><datafield ind1="0" ind2="0" tag="785"><subfield code="t">Delaware herald (Delaware, Ohio : 1869)</subfield><subfield code="w">(DLC)sn 85026018</subfield></datafield></record>